@Book{Ertel_2013,
  title     = {Grundkurs KÃ¼nstliche Intelligenz},
  publisher = {Springer Fachmedien Wiesbaden},
  year      = {2013},
  author    = {Wolfgang Ertel},
  doi       = {10.1007/978-3-8348-2157-7},
}